@article{example_ref,
  title={Epidemiology of diabetes and diabetes-related complications},
  author={Deshpande, Anjali D and Harris-Hayes, Marcie and Schootman, Mario},
  journal={Physical therapy},
  volume={88},
  number={11},
  pages={1254--1264},
  year={2008},
  publisher={Oxford University Press}
}